@incollection{akaike1998information,
	title        = {Information theory and an extension of the maximum likelihood principle},
	author       = {Akaike, Hirotogu},
	year         = 1998,
	booktitle    = {Selected papers of hirotugu akaike},
	publisher    = {Springer},
	pages        = {199--213}
}
@article{bai2019mapgam,
	title        = {MapGAM-package: Mapping Smoothed Effect Estimates from Individual-Level...},
	author       = {Bai, Lu and Bartell, Scott and Bliss, Robin and Vieira, Veronica},
	year         = 2019
}
Click Tidy to clean up the entries below
@book{banerjee2014hierarchical,
	title        = {Hierarchical modeling and analysis for spatial data},
	author       = {Banerjee, Sudipto and Carlin, Bradley P and Gelfand, Alan E},
	year         = 2014,
	publisher    = {CRC press}
}
@article{bartell2010rate,
	title        = {Rate of decline in serum PFOA concentrations after granular activated carbon filtration at two public water systems in Ohio and West Virginia},
	author       = {Bartell, Scott M and Calafat, Antonia M and Lyu, Christopher and Kato, Kayoko and Ryan, P Barry and Steenland, Kyle},
	year         = 2010,
	journal      = {Environmental health perspectives},
	publisher    = {National Institute of Environmental Health Sciences},
	volume       = 118,
	number       = 2,
	pages        = {222--228}
}
@article{bliss2010power,
	title        = {Power of permutation tests using generalized additive models with bivariate smoothers},
	author       = {Bliss, Robin Y and Weinberg, Janice and Vieira, Veronica and Ozonoff, Al and Webster, Thomas F},
	year         = 2010,
	journal      = {Journal of biometrics \& biostatistics},
	publisher    = {NIH Public Access},
	volume       = 1,
	number       = 104
}
@article{breiman1985estimating,
	title        = {Estimating optimal transformations for multiple regression and correlation},
	author       = {Breiman, Leo and Friedman, Jerome H},
	year         = 1985,
	journal      = {Journal of the American statistical Association},
	publisher    = {Taylor \& Francis Group},
	volume       = 80,
	number       = 391,
	pages        = {580--598}
}
@article{breslow1993approximate,
	title        = {Approximate inference in generalized linear mixed models},
	author       = {Breslow, Norman E and Clayton, David G},
	year         = 1993,
	journal      = {Journal of the American statistical Association},
	publisher    = {Taylor \& Francis Group},
	volume       = 88,
	number       = 421,
	pages        = {9--25}
}
@article{bristow2015spatial,
	title        = {Spatial analysis of advanced-stage ovarian cancer mortality in California},
	author       = {Bristow, Robert E and Chang, Jenny and Ziogas, Argyrios and Gillen, Daniel L and Bai, Lu and Vieira, Veronica M},
	year         = 2015,
	journal      = {American journal of obstetrics and gynecology},
	publisher    = {Elsevier},
	volume       = 213,
	number       = 1,
	pages        = {43--e1}
}
@article{brunsdon1996geographically,
	title        = {Geographically weighted regression: a method for exploring spatial nonstationarity},
	author       = {Brunsdon, Chris and Fotheringham, A Stewart and Charlton, Martin E},
	year         = 1996,
	journal      = {Geographical analysis},
	publisher    = {Wiley Online Library},
	volume       = 28,
	number       = 4,
	pages        = {281--298}
}
@book{carlin2014hierarchical,
	title        = {Hierarchical modeling and analysis for spatial data},
	author       = {Carlin, Bradley P and Gelfand, Alan E and Banerjee, Sudipto},
	year         = 2014,
	publisher    = {Chapman and Hall/CRC}
}
@article{chen2000generalized,
	title        = {Generalized additive mixed models},
	author       = {Chen, Colin},
	year         = 2000,
	journal      = {Communications in Statistics-Theory and Methods},
	publisher    = {Taylor \& Francis},
	volume       = 29,
	number       = {5-6},
	pages        = {1257--1271}
}
@article{cleveland1979robust,
	title        = {Robust locally weighted regression and smoothing scatterplots},
	author       = {Cleveland, William S},
	year         = 1979,
	journal      = {Journal of the American statistical association},
	publisher    = {Taylor \& Francis Group},
	volume       = 74,
	number       = 368,
	pages        = {829--836}
}
@article{cressie1990origins,
	title        = {The origins of kriging},
	author       = {Cressie, Noel},
	year         = 1990,
	journal      = {Mathematical geology},
	publisher    = {Springer},
	volume       = 22,
	number       = 3,
	pages        = {239--252}
}
@article{cressie1992statistics,
	title        = {Statistics for spatial data},
	author       = {Cressie, Noel},
	year         = 1992,
	journal      = {Terra Nova},
	publisher    = {Wiley Online Library},
	volume       = 4,
	number       = 5,
	pages        = {613--617}
}
@article{diggle2002bayesian,
	title        = {Bayesian inference in Gaussian model-based geostatistics},
	author       = {Diggle, Peter J and Ribeiro Jr, Paulo J},
	year         = 2002,
	journal      = {Geographical and Environmental Modelling},
	publisher    = {Taylor \& Francis},
	volume       = 6,
	number       = 2,
	pages        = {129--146}
}
@incollection{diggle2003introduction,
	title        = {An introduction to model-based geostatistics},
	author       = {Diggle, Peter J and Ribeiro, Paulo J and Christensen, Ole F},
	year         = 2003,
	booktitle    = {Spatial statistics and computational methods},
	publisher    = {Springer},
	pages        = {43--86}
}
@article{duchon1977splines,
	title        = {Splines minimizing rotation-invariant semi-norms in Sobolev spaces},
	author       = {Duchon, Jean},
	year         = 1977,
	journal      = {Constructive theory of functions of several variables},
	publisher    = {Springer},
	pages        = {85--100}
}
@book{edgington2007randomization,
	title        = {Randomization tests},
	author       = {Edgington, Eugene and Onghena, Patrick},
	year         = 2007,
	publisher    = {CRC Press}
}
@article{epanechnikov1969non,
	title        = {Non-parametric estimation of a multivariate probability density},
	author       = {Epanechnikov, Vassiliy A},
	year         = 1969,
	journal      = {Theory of Probability \& Its Applications},
	publisher    = {SIAM},
	volume       = 14,
	number       = 1,
	pages        = {153--158}
}
@article{Finley2007,
	title        = {{spBayes}: An {R} Package for Univariate and Multivariate Hierarchical Point-Referenced Spatial Models},
	author       = {Andrew O. Finley and Sudipto Banerjee and Bradley P. Carlin},
	year         = 2007,
	journal      = {Journal of Statistical Software},
	volume       = 19,
	number       = 4,
	pages        = {1--24},
	url          = {http://www.jstatsoft.org/v19/i04/}
}
@article{Finley2015,
	title        = {{spBayes} for Large Univariate and Multivariate Point-Referenced Spatio-Temporal Data Models},
	author       = {Andrew O. Finley and Sudipto Banerjee and Alan E.Gelfand},
	year         = 2015,
	journal      = {Journal of Statistical Software},
	volume       = 63,
	number       = 13,
	pages        = {1--28},
	url          = {http://www.jstatsoft.org/v63/i13/}
}
@book{fisher1937design,
	title        = {The design of experiments},
	author       = {Fisher, Ronald Aylmer},
	year         = 1937,
	publisher    = {Oliver And Boyd; Edinburgh; London}
}
@book{gelfand2010handbook,
	title        = {Handbook of spatial statistics},
	author       = {Gelfand, Alan E and Diggle, Peter and Guttorp, Peter and Fuentes, Montserrat},
	year         = 2010,
	publisher    = {CRC press}
}
@article{gelfand2017bayesian,
	title        = {Bayesian Modeling and Analysis of Geostatistical Data},
	author       = {Gelfand, Alan E and Banerjee, Sudipto},
	year         = 2017,
	journal      = {Annual Review of Statistics and Its Application},
	publisher    = {Annual Reviews},
	volume       = 4,
	pages        = {245--266}
}
@article{girguis2016maternal,
	title        = {Maternal exposure to traffic-related air pollution and birth defects in Massachusetts},
	author       = {Girguis, Mariam S and Strickland, Matthew J and Hu, Xuefei and Liu, Yang and Bartell, Scott M and Vieira, Ver{\'o}nica M},
	year         = 2016,
	journal      = {Environmental research},
	publisher    = {Elsevier},
	volume       = 146,
	pages        = {1--9}
}
@article{golub1979generalized,
	title        = {Generalized cross-validation as a method for choosing a good ridge parameter},
	author       = {Golub, Gene H and Heath, Michael and Wahba, Grace},
	year         = 1979,
	journal      = {Technometrics},
	publisher    = {Taylor \& Francis},
	volume       = 21,
	number       = 2,
	pages        = {215--223}
}
@book{good2013permutation,
	title        = {Permutation tests: a practical guide to resampling methods for testing hypotheses},
	author       = {Good, Phillip},
	year         = 2013,
	publisher    = {Springer Science \& Business Media}
}
@article{handcock1993bayesian,
	title        = {A Bayesian analysis of kriging},
	author       = {Handcock, Mark S and Stein, Michael L},
	year         = 1993,
	journal      = {Technometrics},
	publisher    = {Taylor \& Francis Group},
	volume       = 35,
	number       = 4,
	pages        = {403--410}
}
@book{hastie1990generalized,
	title        = {Generalized additive models},
	author       = {Hastie, Trevor and Tibshirani, Robert},
	year         = 1990,
	publisher    = {Wiley Online Library}
}
@article{kass1995bayes,
	title        = {Bayes factors},
	author       = {Kass, Robert E and Raftery, Adrian E},
	year         = 1995,
	journal      = {Journal of the american statistical association},
	publisher    = {Taylor \& Francis},
	volume       = 90,
	number       = 430,
	pages        = {773--795}
}
@phdthesis{krige1951statistical,
	title        = {A statistical approach to some mine valuation and allied problems on the Witwatersrand: By DG Krige},
	author       = {Krige, Danie G},
	year         = 1951,
	school       = {University of the Witwatersrand}
}
@article{laird1982random,
	title        = {Random-effects models for longitudinal data},
	author       = {Laird, Nan M and Ware, James H},
	year         = 1982,
	journal      = {Biometrics},
	publisher    = {JSTOR},
	pages        = {963--974}
}
@article{liang1986longitudinal,
	title        = {Longitudinal data analysis using generalized linear models},
	author       = {Liang, Kung-Yee and Zeger, Scott L},
	year         = 1986,
	journal      = {Biometrika},
	publisher    = {Oxford University Press},
	volume       = 73,
	number       = 1,
	pages        = {13--22}
}
@article{lin1999inference,
	title        = {Inference in generalized additive mixed modelsby using smoothing splines},
	author       = {Lin, Xihong and Zhang, Daowen},
	year         = 1999,
	journal      = {Journal of the royal statistical society: Series b (statistical methodology)},
	publisher    = {Wiley Online Library},
	volume       = 61,
	number       = 2,
	pages        = {381--400}
}
@article{matheron1969krigeage,
	title        = {Le krigeage universel},
	author       = {Matheron, Georges},
	year         = 1969,
	publisher    = {{\'E}cole nationale sup{\'e}rieure des mines de Paris}
}
@book{mccullagh2018generalized,
	title        = {Generalized linear models},
	author       = {McCullagh, Peter},
	year         = 2018,
	publisher    = {Routledge}
}
@book{nelder1972generalized,
	title        = {Generalized linear models},
	author       = {Nelder, John Ashworth and Baker, R Jacob},
	year         = 1972,
	publisher    = {Wiley Online Library}
}
@article{omre1987bayesian,
	title        = {Bayesian kriging—Merging observations and qualified guesses in kriging},
	author       = {Omre, Henning},
	year         = 1987,
	journal      = {Mathematical Geology},
	publisher    = {Springer},
	volume       = 19,
	number       = 1,
	pages        = {25--39}
}
@article{omre1989bayesian,
	title        = {The Bayesian bridge between simple and universal kriging},
	author       = {Omre, Henning and Halvorsen, Kjetil B},
	year         = 1989,
	journal      = {Mathematical Geology},
	publisher    = {Springer},
	volume       = 21,
	number       = 7,
	pages        = {767--786}
}
@article{pitman1937significance,
	title        = {Significance tests which may be applied to samples from any populations},
	author       = {Pitman, Edwin JG},
	year         = 1937,
	journal      = {Supplement to the Journal of the Royal Statistical Society},
	publisher    = {JSTOR},
	volume       = 4,
	number       = 1,
	pages        = {119--130}
}
@book{rasmussen2006gaussian,
	title        = {Gaussian processes for machine learning},
	author       = {Rasmussen, Carl Edward and Williams, Christopher KI},
	year         = 2006,
	publisher    = {MIT press Cambridge},
	volume       = 1
}
@misc{ripley1981spatial,
	title        = {Spatial statistics},
	author       = {Ripley, Brian D},
	year         = 1981,
	publisher    = {Wiley,}
}
@book{ripley1991statistical,
	title        = {Statistical inference for spatial processes},
	author       = {Ripley, Brian D},
	year         = 1991,
	publisher    = {Cambridge university press}
}
@article{shu2015multiple,
	title        = {Multiple testing for neuroimaging via hidden Markov random field},
	author       = {Shu, Hai and Nan, Bin and Koeppe, Robert},
	year         = 2015,
	journal      = {Biometrics},
	publisher    = {Wiley Online Library},
	volume       = 71,
	number       = 3,
	pages        = {741--750}
}
@book{stein2012interpolation,
	title        = {Interpolation of spatial data: some theory for kriging},
	author       = {Stein, Michael L},
	year         = 2012,
	publisher    = {Springer Science \& Business Media}
}
@article{Tang2020Generalized,
	title        = {Generalized Additive Mixed Models with Kernel Smoothers for Disease Mapping Using Individual-level Data},
	author       = {Tang, Yannan and Vieira, Ver{\'o}nica M and Bartell, Scott M and Gillen, Daniel L},
	year         = 2020,
	journal    = {Biometrics (To submit)}
}
@article{Tang2020AStrata,
	title        = {A Stratified Generalized Additive Model and Permutation Test for Temporal Heterogeneity of Smoothed Bivariate Spatial Effects},
	author       = {Tang, Yannan and Vieira, Ver{\'o}nica M and Bartell, Scott M and Gillen, Daniel L},
	year         = 2020,
	journal    = {Statistics in Medicine (accepted)}
}
@article{Tang2020Additive,
	title        = {Additive Mixed Models with Kernel Smoothers for Disease Mapping Using Individual-level Data},
	author       = {Tang, Yannan and Vieira, Ver{\'o}nica M and Bartell, Scott M and Gillen, Daniel L},
	year         = 2020,
	journal    = {Biostatistics (To Submit)}
}
@article{vaida2005conditional,
	title        = {Conditional Akaike information for mixed-effects models},
	author       = {Vaida, Florin and Blanchard, Suzette},
	year         = 2005,
	journal      = {Biometrika},
	publisher    = {Oxford University Press},
	volume       = 92,
	number       = 2,
	pages        = {351--370}
}
@article{vieira2009spatial,
	title        = {Spatial analysis of bladder, kidney, and pancreatic cancer on upper Cape Cod: an application of generalized additive models to case-control data},
	author       = {Vieira, Ver{\'o}nica and Webster, Thomas and Weinberg, Janice and Aschengrau, Ann},
	year         = 2009,
	journal      = {Environmental Health},
	publisher    = {BioMed Central},
	volume       = 8,
	number       = 1,
	pages        = 3
}
@article{wahba1980some,
	title        = {Some new mathematical methods for variational objective analysis using splines and cross validation},
	author       = {Wahba, Grace and Wendelberger, James},
	year         = 1980,
	journal      = {Monthly weather review},
	volume       = 108,
	number       = 8,
	pages        = {1122--1143}
}
@article{wahba1980spline,
	title        = {Spline bases, regularization, and generalized cross-validation for solving approximation problems with large quantities of noisy data},
	author       = {Wahba, Grace},
	year         = 1980,
	journal      = {Approximation theory III},
	publisher    = {Academic Press, New York},
	volume       = 2
}
@article{webster2006method,
	title        = {Method for mapping population-based case-control studies: an application using generalized additive models},
	author       = {Webster, Thomas and Vieira, Ver{\'o}nica and Weinberg, Janice and Aschengrau, Ann},
	year         = 2006,
	journal      = {International Journal of Health Geographics},
	publisher    = {BioMed Central},
	volume       = 5,
	number       = 1,
	pages        = 26
}
@article{wolfinger1993generalized,
	title        = {Generalized linear mixed models a pseudo-likelihood approach},
	author       = {Wolfinger, Russ and O'connell, Michael},
	year         = 1993,
	journal      = {Journal of statistical Computation and Simulation},
	publisher    = {Taylor \& Francis},
	volume       = 48,
	number       = {3-4},
	pages        = {233--243}
}
@article{wood2003thin,
	title        = {Thin plate regression splines},
	author       = {Wood, Simon N},
	year         = 2003,
	journal      = {Journal of the Royal Statistical Society: Series B (Statistical Methodology)},
	publisher    = {Wiley Online Library},
	volume       = 65,
	number       = 1,
	pages        = {95--114}
}
@article{wood2004stable,
	title        = {Stable and efficient multiple smoothing parameter estimation for generalized additive models},
	author       = {Wood, Simon N},
	year         = 2004,
	journal      = {Journal of the American Statistical Association},
	publisher    = {Taylor \& Francis},
	volume       = 99,
	number       = 467,
	pages        = {673--686}
}
@article{wood2008soap,
	title        = {Soap film smoothing},
	author       = {Wood, Simon N and Bravington, Mark V and Hedley, Sharon L},
	year         = 2008,
	journal      = {Journal of the Royal Statistical Society: Series B (Statistical Methodology)},
	publisher    = {Wiley Online Library},
	volume       = 70,
	number       = 5,
	pages        = {931--955}
}
@article{wood2011fast,
	title        = {Fast stable restricted maximum likelihood and marginal likelihood estimation of semiparametric generalized linear models},
	author       = {Wood, Simon N},
	year         = 2011,
	journal      = {Journal of the Royal Statistical Society: Series B (Statistical Methodology)},
	publisher    = {Wiley Online Library},
	volume       = 73,
	number       = 1,
	pages        = {3--36}
}
@article{wood2016smoothing,
	title        = {Smoothing parameter and model selection for general smooth models},
	author       = {Wood, Simon N and Pya, Natalya and S{\"a}fken, Benjamin},
	year         = 2016,
	journal      = {Journal of the American Statistical Association},
	publisher    = {Taylor \& Francis},
	volume       = 111,
	number       = 516,
	pages        = {1548--1563}
}
@book{wood2017generalized,
	title        = {Generalized additive models: an introduction with R},
	author       = {Wood, Simon N},
	year         = 2017,
	publisher    = {CRC press}
}
@article{young2011generalized,
	title        = {Generalized additive models and inflated type I error rates of smoother significance tests},
	author       = {Young, Robin L and Weinberg, Janice and Vieira, Ver{\'o}nica and Ozonoff, Al and Webster, Thomas F},
	year         = 2011,
	journal      = {Computational statistics \& data analysis},
	publisher    = {Elsevier},
	volume       = 55,
	number       = 1,
	pages        = {366--374}
}
